@article{AbateStoch,
  title={Probabilistic reachability and safety for controlled discrete time stochastic hybrid systems},
  author={Abate, Alessandro and Prandini, Maria and Lygeros, John and Sastry, Shankar},
  journal={Automatica},
  volume={44},
  number={11},
  pages={2724--2734},
  year={2008},
  publisher={Elsevier}
}

@article{Bertsekas,
  title={Stochastic Optimal Control: The Discrete-Time Case (Athena Scientific, Belmont, MA)},
  author={Bertsekas, DP and Shreve, SE},
  year={1996}
}

@book{EvansSDE,
  title={An introduction to stochastic differential equations},
  author={Evans, Lawrence C},
  volume={82},
  year={2012},
  publisher={American Mathematical Soc.}
}

@inproceedings{KeneJaime,
  title={Reachability-based safe learning with gaussian processes},
  author={Akametalu, Anayo K and Fisac, Jaime F and Gillula, Jeremy H and Kaynama, Shahab and Zeilinger, Melaine N and Tomlin, Claire J},
  booktitle={Decision and Control (CDC), 2014 IEEE 53rd Annual Conference on},
  pages={1424--1431},
  year={2014},
  organization={IEEE}
}

@incollection{MitchellToolbox,
  title={A toolbox of Hamilton-Jacobi solvers for analysis of nondeterministic continuous and hybrid systems},
  author={Mitchell, Ian M and Templeton, Jeremy A},
  booktitle={Hybrid systems: computation and control},
  pages={480--494},
  year={2005},
  publisher={Springer}
}
